<?xml version="1.0" encoding="UTF-8"?><record xmlns="http://www.loc.gov/MARC21/slim" xmlns:cinclude="http://apache.org/cocoon/include/1.0" xmlns:zs="http://www.loc.gov/zing/srw/">
  <leader>00741cz  a2200169n  4500</leader>
  <controlfield tag="001">n  84043617 </controlfield>
  <controlfield tag="003">DLC</controlfield>
  <controlfield tag="005">20000504064424.0</controlfield>
  <controlfield tag="008">841002n| acannaabn          |n aaa      </controlfield>
  <datafield tag="010" ind1=" " ind2=" ">
    <subfield code="a">n  84043617 </subfield>
  </datafield>
  <datafield tag="035" ind1=" " ind2=" ">
    <subfield code="a">(OCoLC)oca01207108</subfield>
  </datafield>
  <datafield tag="040" ind1=" " ind2=" ">
    <subfield code="a">DLC</subfield>
    <subfield code="b">eng</subfield>
    <subfield code="c">DLC</subfield>
    <subfield code="d">PPi-MA</subfield>
  </datafield>
  <datafield tag="100" ind1="1" ind2=" ">
    <subfield code="a">Kedrova, Lila</subfield>
  </datafield>
  <datafield tag="670" ind1=" " ind2=" ">
    <subfield code="a">Kander, J. Zorba [SR] p1983:</subfield>
    <subfield code="b">label (Lila Kedrova)</subfield>
  </datafield>
  <datafield tag="670" ind1=" " ind2=" ">
    <subfield code="a">Variety's ww in show business, 1989</subfield>
    <subfield code="b">(Kedrova, Lila; b. 1918, Russia; actress)</subfield>
  </datafield>
  <datafield tag="670" ind1=" " ind2=" ">
    <subfield code="a">Perf. arts biog. master index</subfield>
    <subfield code="b">(Kedrova, Lila, 1918- )</subfield>
  </datafield>
  <datafield tag="670" ind1=" " ind2=" ">
    <subfield code="a">New York times, Apr. 20, 2000:</subfield>
    <subfield code="b">p. B11 (Lila Kedrova, actress, about 82, d. Feb. 16, 2000, Sault Ste. Marie, Ont.; b. Leningrad; some reference books list year of birth as 1918, but later dates found elsewhere)</subfield>
  </datafield>
</record>